@article{Gabrilovich:2007:HEH:1314498.1314573,
 author = {Gabrilovich, Evgeniy and Markovitch, Shaul},
 title = {Harnessing the Expertise of 70,000 Human Editors: Knowledge-Based Feature Generation for Text Categorization},
 journal = {J. Mach. Learn. Res.},
 issue_date = {12/1/2007},
 volume = {8},
 month = dec,
 year = {2007},
 issn = {1532-4435},
 pages = {2297--2345},
 numpages = {49},
 url = {http://dl.acm.org/citation.cfm?id=1314498.1314573},
 acmid = {1314573},
 publisher = {JMLR.org},
}

ï»¿
@article{Ruiz:2011:DMC:2044463.2044469,
 author = {Ruiz, Juan J. and Ariza, F. Javier and Urena, Manuel A. and Blazquez, Elidia B.},
 title = {Digital Map Conflation: A Review of the Process and a Proposal for Classification},
 journal = {Int. J. Geogr. Inf. Sci.},
 issue_date = {September 2011},
 volume = {25},
 number = {9},
 month = sep,
 year = {2011},
 issn = {1365-8816},
 pages = {1439--1466},
 numpages = {28},
 url = {http://dx.doi.org/10.1080/13658816.2010.519707},
 doi = {10.1080/13658816.2010.519707},
 acmid = {2044469},
 publisher = {Taylor \& Francis, Inc.},
 address = {Bristol, PA, USA},
 keywords = {accuracy, conflation, data fusion, data integration, interoperability},
} 

