@article{Grehan,
abstract = {This resource provides fairly in-depth information as to how search engines work, and by extension how they rank websites through search engine algorithms. This resource is very useful if you are unsure of the mechanics behind search engines.},
author = {Grehan, Mike},
journal = {Search Engine Marketing: The Essential Best Practice Guide},
pages = {57},
title = {{How Search Engines Work}},
year = {2002}
}
